@article{shannon,
  author={C. E. {Shannon}},
  journal={Proceedings of the IRE}, 
  title={Communication in the Presence of Noise},
  year={1949},
  volume={37},
  number={1},
  pages={10-21},
  doi={10.1109/JRPROC.1949.232969},
  url={{https://ieeexplore.ieee.org/document/1697831}}
}

@online{origins,
  author={{Laurens Slats}},
  title={{A Brief History of LoRa}},
  year={2020},
  url={https://blog.semtech.com/a-brief-history-of-lora-three-inventors-share-their-personal-story-at-the-things-conference}
}

@online{alliance,
  title={{Lora Alliance}},
  url={https://lora-alliance.org/}
}

@online{alliance_members,
  title={{Lora Alliance Members}},
  url={https://lora-alliance.org/member-directory/}
}

@online{500_members,
  title={{LoRa Alliance™ Surpasses 500 Member Mark and Drives Strong LoRaWAN™ Protocol Deployments}},
  url={https://lora-alliance.org/lora-alliance-press-release/lora-alliancetm-surpasses-500-member-mark-and-drives-strong-lorawantm-protocol/}
}

@online{alliance_founder,
  author={{Linh Dinh}},
  title={{Semtech’s LoRa Technology Expecting Rapid Growth as LoRa Alliance Membership Surpasses 500}},
  url={https://www.semtech.com/company/press/semtechs-lora-technology-expecting-rapid-growth-as-lora-alliance-membership-surpasses-500}
}

@online{trinity_panel,
  title={{Semtech Fireside Panel at The Things Conference 2020}},
  year={},
  url={https://www.youtube.com/watch?v=LRKScdV_TrQ&ab_channel=SemtechCorporation}
}


% @online{origins,
%   author = {{Laurens Slats}}, 
%   title = {A Brief History of LoRa},
%   year = {2020},
%   url = {\url{{https://blog.semtech.com/a-brief-history-of-lora-three-inventors-share-their-personal-story-at-the-things-conference}}}
% }

@online{europe_lora,
    url = "https://lora-alliance.org/sites/default/files/2018-04/lorawantm_regional_parameters_v1.1rb_-_final.pdf"
}
@online{europe_lora_readdocs,
    url = "https://lora.readthedocs.io/en/latest/#in-europe"
}
@online{lora_performance,
    url="https://doi.org/10.1177/1550147717699412"
}
% @online{sim_paper,
%     url="https://ieeexplore.ieee.org/stamp/stamp.jsp?tp=&arnumber=8885739"
% }
@online{sim_code,
    url="https://github.com/GillesC/LoRaEnergySim/tree/v0.1.0"
}

@online{ttn, 
    url="https://github.com/thethingsnetwork"
    }
@ARTICLE{comparison,  author={Z. {Qin} and F. Y. {Li} and G. Y. {Li} and J. A. {McCann} and Q. {Ni}},  journal={IEEE Wireless Communications},   title={Low-Power Wide-Area Networks for Sustainable IoT},   year={2019},  volume={26},  number={3},  pages={140-145},  doi={10.1109/MWC.2018.1800264}}

@ARTICLE{ieee_2007,  author={},  journal={IEEE Std 802.15.4a-2007 (Amendment to IEEE Std 802.15.4-2006)},   title={{IEEE Standard for Information technology-- Local and metropolitan area networks-- Specific requirements-- Part 15.4: Wireless Medium Access Control (MAC) and Physical Layer (PHY) Specifications for Low-Rate Wireless Personal Area Networks (WPANs): Amendment 1: Add Alternate PHYs}},   year={2007},  volume={},  number={},  pages={1-210},  doi={10.1109/IEEESTD.2007.4299496}}

@ONLINE {semtech_spec,
    title     = "LoRa™ Modulation Basics, AN1200.22.",
    publisher = "Semtech Std.",
    year      = "2015",
    url       = "https://semtech.my.salesforce.com/sfc/p/#E0000000JelG/a/2R0000001OJu/xvKUc5w9yjG1q5Pb2IIkpolW54YYqGb.frOZ7HQBcRc",
    urldate   = "2021-01-16"
}

@ONLINE {lora_designer_guide,
    title     = "LoRa Designer’s Guide, aN1200.13.",
    publisher = "Semtech Std.",
    year      = "2013"
}

@ONLINE {lora_modem,    
    title     = "LoRa Modem Low Energy Consumption Design, aN1200.17.",
    publisher = "Semtech Std.",
    year      = "2013"
}

@INPROCEEDINGS{slope_diagram,  author={B. {Reynders} and S. {Pollin}},  booktitle={2016 Symposium on Communications and Vehicular Technologies (SCVT)},   title={Chirp spread spectrum as a modulation technique for long range communication},   year={2016},  volume={},  number={},  pages={1-5},  doi={10.1109/SCVT.2016.7797659}}

@INPROCEEDINGS{css_vs_dsss,  author={M. J. {Abbas} and M. {Awais} and A. U. {Haq}},  booktitle={2018 International Conference on Computing, Mathematics and Engineering Technologies (iCoMET)},   title={Comparative analysis of wideband communication techniques: Chirp spread spectrum and direct sequence spread spectrum},   year={2018},  volume={},  number={},  pages={1-6},  doi={10.1109/ICOMET.2018.8346348}}

@article{doppler, author = {Juha Petäjäjärvi and Konstantin Mikhaylov and Marko Pettissalo and Janne Janhunen and Jari Iinatti},
title ={Performance of a low-power wide-area network based on LoRa technology: Doppler robustness, scalability, and coverage},
journal = {International Journal of Distributed Sensor Networks},
volume = {13},
number = {3},
pages = {1550147717699412},
year = {2017},
doi = {10.1177/1550147717699412}}

@ARTICLE{orthogonality_description,
    author={C. Goursaud and J. M. Gorce},
    title={Dedicated networks for IoT: PHY / MAC state of the art and challenges},
    journal={EAI Endorsed Transactions on Internet of Things},
    volume={1},
    number={1},
    publisher={EAI},
    journal_a={IOT},
    year={2015},
    month={10},
    keywords={Internet of Things, M2M, PHY and MAC layer, Long Range transmissions.},
    doi={10.4108/eai.26-10-2015.150597}
}

@INPROCEEDINGS{simulator,  
author={G. {Callebaut} and G. {Ottoy} and L. {van der Perre}},  
booktitle={2019 IEEE Wireless Communications and Networking Conference (WCNC)},   
title={Cross-Layer Framework and Optimization for Efficient Use of the Energy Budget of IoT Nodes},   
year={2019},  
volume={},  
number={},  
pages={1-6},
}

@INPROCEEDINGS{propagation_model_parameters,  
author={J. Petajajarvi, K. Mikhaylov, A. Roivainen, T. Hanninen, and M. Pettissalo},  
title={On the coverage of LPWANs: range evaluation and channel
attenuation model for LoRa technology in ITS Telecommunications
(ITST), 2015 14th International Conference on. IEEE, 2015, pp. 55–59}}


@article{rl,
title={Park, G., Lee, W. & Joe, I. Network resource optimization with reinforcement learning for low power wide area networks. J Wireless Com Network 2020, 176 (2020). https://doi.org/10.1186/s13638-020-01783-5}
}

@INPROCEEDINGS{lora_battlefield,  author={T. {Sondrol} and B. {Jalaian} and N. {Suri}},  booktitle={MILCOM 2018 - 2018 IEEE Military Communications Conference (MILCOM)},   title={Investigating LoRa for the Internet of Battlefield Things: A Cyber Perspective},   year={2018},  volume={},  number={},  pages={749-756},  doi={10.1109/MILCOM.2018.8599805}}

@INPROCEEDINGS{lora_troops,  author={W. {San-Um} and P. {Lekbunyasin} and M. {Kodyoo} and W. {Wongsuwan} and J. {Makfak} and J. {Kerdsri}},  booktitle={2017 Third Asian Conference on Defence Technology (ACDT)},   title={A long-range low-power wireless sensor network based on U-LoRa technology for tactical troops tracking systems},   year={2017},  volume={},  number={},  pages={32-35},  doi={10.1109/ACDT.2017.7886152}}

@conference{adr, 
title={Adaptive configuration of LoRa networks for dense IoT deployments},
author={Slabicki, Mariusz; Premsankar, Gopika; Di Francesco, Mario},
year={2018},
language={en},
pages={1-9},
doi={10.1109/NOMS.2018.8406255},
url={http://urn.fi/URN:NBN:fi:aalto-201812105973},
}

@online{mit_article_on_shannon,
    author={Larry Hardesty},
    title={Explained: The Shannon limit},
    year={2021},
    url={https://news.mit.edu/2010/explained-shannon-0115}
}

@online{dsss_article,
    author={},
    title={Direct Sequence Spread Spectrum: the basics},
    year={2021},
    url={https://www.electronics-notes.com/articles/radio/dsss/what-is-direct-sequence-spread-spectrum.php}
}

@online{sf,
    title={Symbol, Spreading Factor and Chip},
    year={2021},
    url={https://lora.readthedocs.io/en/latest/}
}

@online{sf_article,
    title={Spreading Factor, Bandwidth, Coding Rate and Bit Rate in LoRa (English)},
    author={Josef Matondang},
    year={2021},
    url={https://josefmtd.com/2018/08/14/spreading-factor-bandwidth-coding-rate-and-bit-rate-in-lora-english/}
}

@ARTICLE{imperfect_1,
  author={Croce, Daniele and Gucciardo, Michele and Mangione, Stefano and Santaromita, Giuseppe and Tinnirello, Ilenia},
  journal={IEEE Communications Letters}, 
  title={Impact of LoRa Imperfect Orthogonality: Analysis of Link-Level Performance}, 
  year={2018},
  volume={22},
  number={4},
  pages={796-799},
  doi={10.1109/LCOMM.2018.2797057}}
  
@online{lora_alliance_about_lorawan,
  title={{What is LoRaWAN® Specification}},
  year={2021},
  url={https://lora-alliance.org/about-lorawan/}}

@manual{lora_alliance_spec,
    organization  = "LoRa Alliance",
    title         = "What is LoRaWAN",
    year          =  2015,
    month         =  November,    
    url = {https://lora-alliance.org/wp-content/uploads/2020/11/what-is-lorawan.pdf}
}

@manual{lorawan_spec,
    organization  = "LoRa Alliance",
    title         = "LoRaWAN™ 1.1 Specification",
    year          =  2017,
    month         =  October,    
    url = {https://lora-alliance.org/wp-content/uploads/2020/11/lorawantm_specification_-v1.1.pdf}
}

@online{ttn_adr,
  title={{Adaptive Data Rate}},
  year={2021},
  url={https://www.thethingsnetwork.org/docs/lorawan/adaptive-data-rate/}
}

@online{duty_cycle,
  title={{Duty Cycle}},
  year={2021},
  url={https://www.thethingsnetwork.org/docs/lorawan/duty-cycle/index.html}}
}

@online{about_etsi,
  title={{About ETSI}},
  year={2021},
  url={https://www.etsi.org/about}}
}

@INPROCEEDINGS{noma_original,  author={Saito, Yuya and Kishiyama, Yoshihisa and Benjebbour, Anass and Nakamura, Takehiro and Li, Anxin and Higuchi, Kenichi},  booktitle={2013 IEEE 77th Vehicular Technology Conference (VTC Spring)},   title={Non-Orthogonal Multiple Access (NOMA) for Cellular Future Radio Access},   year={2013},  volume={},  number={},  pages={1-5},  doi={10.1109/VTCSpring.2013.6692652}}

@INPROCEEDINGS{noma_imperial,  author={Li, Kaihan and Benkhelifa, Fatma and McCann, Julie},  booktitle={2019 IEEE Global Communications Conference (GLOBECOM)},   title={Resource Allocation for Non-Orthogonal Multiple Access (NOMA) Enabled LPWA Networks},   year={2019},  volume={},  number={},  pages={1-6},  doi={10.1109/GLOBECOM38437.2019.9013575}}

@online{simulator_github,
  title={{LoRa Network Simulator to Monitor Energy Consumption}},
  year={Accessed on 03/05/2021},
  url={https://github.com/GillesC/LoRaEnergySim/tree/v0.1.0}}

@online{simpy,
  title={{Simpy Discrete event simulation for Python}},
  year={{Accessed on 03/05/2021}},
  url={https://simpy.readthedocs.io/en/latest/}
}

@Misc{energy_profile,
  author =   {G. Ottoy and G. Leenders and G. Callebaut},
  title =    {{LoRaWAN EFM32}},
  url = {https://github.com/DRAMCO/LoRaWAN_EFM32},
  note = {doi: \url{10.5281/zenodo.1209414}}
}

@inproceedings{collision_conditions,
author = {Bor, Martin C. and Roedig, Utz and Voigt, Thiemo and Alonso, Juan M.},
title = {Do LoRa Low-Power Wide-Area Networks Scale?},
year = {2016},
isbn = {9781450345026},
publisher = {Association for Computing Machinery},
address = {New York, NY, USA},
url = {https://doi.org/10.1145/2988287.2989163},
doi = {10.1145/2988287.2989163},
abstract = {New Internet of Things (IoT) technologies such as Long Range (LoRa) are emerging which enable power efficient wireless communication over very long distances. Devices typically communicate directly to a sink node which removes the need of constructing and maintaining a complex multi-hop network. Given the fact that a wide area is covered and that all devices communicate directly to a few sink nodes a large number of nodes have to share the communication medium. LoRa provides for this reason a range of communication options (centre frequency, spreading factor, bandwidth, coding rates) from which a transmitter can choose. Many combination settings are orthogonal and provide simultaneous collision free communications. Nevertheless, there is a limit regarding the number of transmitters a LoRa system can support. In this paper we investigate the capacity limits of LoRa networks. Using experiments we develop models describing LoRa communication behaviour. We use these models to parameterise a LoRa simulation to study scalability. Our experiments show that a typical smart city deployment can support 120 nodes per 3.8 ha, which is not sufficient for future IoT deployments. LoRa networks can scale quite well, however, if they use dynamic communication parameter selection and/or multiple sinks.},
booktitle = {Proceedings of the 19th ACM International Conference on Modeling, Analysis and Simulation of Wireless and Mobile Systems},
pages = {59–67},
numpages = {9},
keywords = {low-power wide-area network, scalability analysis, lora},
location = {Malta, Malta},
series = {MSWiM '16}
}

@book{sutton_barto,
    author = {Sutton, Richard S. and Barto, Andrew G.},
    title = {Reinforcement Learning: An Introduction},
    edition={2},
    year = {2014, 2015},
    pages={1},
    publisher={MIT press},
    address = {Cambridge, MA, USA},
}

@online{alpha_go_lee_sedol,
    title={The Google DeepMind challenge match},
    year={Date Accessed 04/05/2021},
    url={https://deepmind.com/alphago-korea},
}

@online {dota,
    title={OpenAI Five},    
    year = {Date Accessed: 04/05/2021},
    url={https://openai.com/projects/five/}
}

@online{lecture_rl_101,
    title = {{Reinforcement Learning 101. [Lecture] Imperial College London}},
    author={Aldo Faisal},
    year = {10/2020},
    url={https://materials.doc.ic.ac.uk/view/2021/70028/Course\%20Material/7}}
}

@online{lecture_lets_go_markov,
    title = {{Lets go Markov. [Lecture] Imperial College London}},
    author={Aldo Faisal},
    year = {{October 2020}},
    url={https://materials.doc.ic.ac.uk/view/2021/70028/Course\%20Material/7}}
}

@online{lecture_mdp,
    title = {{Markov Decision Process. [Lecture] Imperial College London}},
    author={Aldo Faisal},
    year = {10/2020},
    url={https://materials.doc.ic.ac.uk/view/2021/70028/Course\%20Material/7}}
}

@online{lecture_dp,
    title = {{Dynamic Programming. [Lecture] Imperial College London}},
    author={Aldo Faisal},
    year = {10/2020},
    url={https://materials.doc.ic.ac.uk/view/2021/70028/Course\%20Material/7}}
}

@online{lecture_mfl,
    title = {{Model Free Learning. [Lecture] Imperial College London}},
    author={Aldo Faisal},
    year = {10/2020},
    url={https://materials.doc.ic.ac.uk/view/2021/70028/Course\%20Material/8}}
}

@online{lecture_mfc,
    title = {{Model Free Control. [Lecture] Imperial College London}},
    author={Aldo Faisal},
    year = {11/2020},
    url={https://materials.doc.ic.ac.uk/view/2021/70028/Course\%20Material/8}}
}

@online{lecture_intro_to_deep_rl,
    title = {{Introduction to Deep Reinforcement
Learning. [Lecture] Imperial College London}},
    author={Edward Johns},
    year = {11/2020},
    url={https://materials.doc.ic.ac.uk/view/2021/70028/Course\%20Material/11}}
}

@online{lecture_dqn,
    title = {{Deep Q Networks (DQNs). [Lecture] Imperial College London}},
    author={Edward Johns},
    year = {11/2020},
    url={https://materials.doc.ic.ac.uk/view/2021/70028/Course\%20Material/35}}
}

@online{markov_chain_article,
    title={{Introduction to Markov Chains. [Lecture] Imperial College London}},
    year={{2018, Date Accessed: 05/10/2021}},
    author={Devin Soni},
    url={https://towardsdatascience.com/introduction-to-markov-chains-50da3645a50d}
}


@article{rl_lora_original,
title = "Network resource optimization with reinforcement learning for low power wide area networks",
author = "Gyubong Park and Wooyeob Lee and Inwhee Joe",
note = "Publisher Copyright: {\textcopyright} 2020, The Author(s).",
year = "2020",
month = dec,
day = "1",
doi = "10.1186/s13638-020-01783-5",
language = "English",
volume = "2020",
journal = "Eurasip Journal on Wireless Communications and Networking",
issn = "1687-1472",
number = "1",
}

@misc{rl_lora_sarsa_dqn,
      title={Resource Allocation in Uplink NOMA-IoT Networks: A Reinforcement-Learning Approach}, 
      author={Waleed Ahsan and Wenqiang Yi and Zhijin Qin and Yuanwei Liu and Arumugam Nallanathan},
      year={2021},
      eprint={2007.08350},
      archivePrefix={arXiv},
      primaryClass={cs.IT}
}

@misc{rl_distributed_mab,
      title={Self-organized Low-power IoT Networks: A Distributed Learning Approach}, 
      author={Amin Azari and Cicek Cavdar},
      year={2018},
      eprint={1807.09333},
      archivePrefix={arXiv},
      primaryClass={cs.NI}
}

@INPROCEEDINGS{low_power_trap,
  author={Slabicki, Mariusz and Premsankar, Gopika and Di Francesco, Mario},
  booktitle={NOMS 2018 - 2018 IEEE/IFIP Network Operations and Management Symposium}, 
  title={Adaptive configuration of lora networks for dense IoT deployments}, 
  year={2018},
  volume={},
  number={},
  pages={1-9},
  doi={10.1109/NOMS.2018.8406255}}